<?xml version="1.0" encoding="UTF-8"?><collection xmlns="http://www.loc.gov/MARC21/slim"><record><leader>00358nam--2200133-i-4500</leader><controlfield tag="001">000009289</controlfield><controlfield tag="002">20161230</controlfield><controlfield tag="005">20161230201028</controlfield><controlfield tag="008">060222s1000------------r-----000-0-eng-d</controlfield><datafield ind1=" " ind2=" " tag="080"><subfield code="a">621.382.3.04</subfield></datafield><datafield ind1=" " ind2=" " tag="245"><subfield code="a">Computer-aided integrated circuit design</subfield></datafield><datafield ind1=" " ind2=" " tag="260"><subfield code="a">New York,  Mcgraw-hill Book Co., 1968. Xv +432 P</subfield></datafield><datafield ind1=" " ind2=" " tag="700"><subfield code="a">Gerald J.Herskowitz</subfield></datafield><datafield ind1=" " ind2=" " tag="852"><subfield code="a">32860</subfield></datafield></record></collection>